<?xml version="1.0" encoding="UTF-8"?><collection xmlns="http://www.loc.gov/MARC21/slim"><record><leader>00373nam--2200121-i-4500</leader><controlfield tag="001">000033784</controlfield><controlfield tag="002">20161230</controlfield><controlfield tag="005">20161230201039</controlfield><controlfield tag="008">060222s1000------------r-----000-0-eng-d</controlfield><datafield ind1=" " ind2=" " tag="100"><subfield code="a">Nelson, J.H. And Silman, H</subfield></datafield><datafield ind1=" " ind2=" " tag="245"><subfield code="a">The application of radiant heat to metal finishing. a critical survey or the infrared..</subfield></datafield><datafield ind1=" " ind2=" " tag="260"><subfield code="a">London, Chapman And Hall, 1945. Xi + 91p</subfield></datafield><datafield ind1=" " ind2=" " tag="852"><subfield code="a">674</subfield></datafield></record></collection>